@online{how-to-improve-javas-io-performance,
  author = {Nick Zhang},
  title  = {Java Tip 26: How to improve Java's I/O performance},
  year   = {1997},
  url    = {https://www.infoworld.com/article/2077523/java-tip-26--how-to-improve-java-s-i-o-performance.html}
}